@misc{wiki:Roguelike,
  author       = {Wikipedia},
  title        = {{Roguelike} --- {W}ikipedia{,} The Free Encyclopedia},
  year         = {2021},
  howpublished = {\url{http://en.wikipedia.org/w/index.php?title=Roguelike&oldid=1009091012}},
  note         = {[Online; consultato il 02 Marzo 2021]}
}